@inproceedings{halt,
    author    = {Turing, A.M.},
    title     = {On Computable Numbers, with an Application to the Entscheidungsproblem},
    booktitle = {Proceedings of the London Mathematical Society, 2 (published 1937)},
    year      = {1936}
}
